



@article{DBLP:journals/ml/Williams92,
  author    = {Ronald J. Williams},
  title     = {Simple Statistical Gradient-Following Algorithms for Connectionist
               Reinforcement Learning},
  journal   = {Machine Learning},
  volume    = {8},
  pages     = {229--256},
  year      = {1992},
  url       = {https://doi.org/10.1007/BF00992696},
  doi       = {10.1007/BF00992696},
  timestamp = {Sun, 28 May 2017 13:18:24 +0200},
  biburl    = {http://dblp.org/rec/bib/journals/ml/Williams92},
  bibsource = {dblp computer science bibliography, http://dblp.org}
}

@article{DBLP:journals/corr/abs-1711-01012,
  author    = {Tanmay Gangwani and
               Jian Peng},
  title     = {Genetic Policy Optimization},
  journal   = {CoRR},
  volume    = {abs/1711.01012},
  year      = {2017},
  url       = {http://arxiv.org/abs/1711.01012},
  archivePrefix = {arXiv},
  eprint    = {1711.01012},
  timestamp = {Mon, 04 Dec 2017 18:34:59 +0100},
  biburl    = {http://dblp.org/rec/bib/journals/corr/abs-1711-01012},
  bibsource = {dblp computer science bibliography, http://dblp.org}
}

@article{openes/2017arXiv170303864S,
   author = {{Salimans}, T. and {Ho}, J. and {Chen}, X. and {Sidor}, S. 			and {Sutskever}, I.},
   title = "{Evolution Strategies as a Scalable Alternative to 						 Reinforcement Learning}",
   journal = {ArXiv e-prints},
   archivePrefix = "arXiv",
   eprint = {1703.03864},
   primaryClass = "stat.ML",
   keywords = {Statistics - Machine Learning, Computer Science - Artificial Intelligence, Computer Science - Learning, Computer Science - Neural and Evolutionary Computing},
   year = 2017,
   month = mar,
   adsurl = {http://adsabs.harvard.edu/abs/2017arXiv170303864S},
   adsnote = {Provided by the SAO/NASA Astrophysics Data System}
}

@article{gym/2016arXiv160601540B,
   author = {{Brockman}, G. and {Cheung}, V. and {Pettersson}, L. and {Schneider}, J. and 
	{Schulman}, J. and {Tang}, J. and {Zaremba}, W.},
    title = "{OpenAI Gym}",
  journal = {ArXiv e-prints},
archivePrefix = "arXiv",
   eprint = {1606.01540},
 primaryClass = "cs.LG",
 keywords = {Computer Science - Learning, Computer Science - Artificial Intelligence},
     year = 2016,
    month = jun,
   adsurl = {http://adsabs.harvard.edu/abs/2016arXiv160601540B},
  adsnote = {Provided by the SAO/NASA Astrophysics Data System}
}


@inproceedings{DBLP:journals/jmlr/RossGB11,
  author    = {St{\'{e}}phane Ross and
               Geoffrey J. Gordon and
               Drew Bagnell},
  title     = {A Reduction of Imitation Learning and Structured Prediction to No-Regret
               Online Learning},
  booktitle = {Proceedings of the Fourteenth International Conference on Artificial
               Intelligence and Statistics, {AISTATS} 2011, Fort Lauderdale, USA,
               April 11-13, 2011},
  pages     = {627--635},
  year      = {2011},
  url       = {http://www.jmlr.org/proceedings/papers/v15/ross11a/ross11a.pdf},
  timestamp = {Thu, 11 Sep 2014 07:28:56 +0200},
  biburl    = {http://dblp.org/rec/bib/journals/jmlr/RossGB11},
  bibsource = {dblp computer science bibliography, http://dblp.org}
}


@proceedings{DBLP:conf/aistats/2011,
  editor    = {Geoffrey J. Gordon and
               David B. Dunson and
               Miroslav Dud{\'{\i}}k},
  title     = {Proceedings of the Fourteenth International Conference on Artificial
               Intelligence and Statistics, {AISTATS} 2011, Fort Lauderdale, USA,
               April 11-13, 2011},
  series    = {{JMLR} Proceedings},
  volume    = {15},
  publisher = {JMLR.org},
  year      = {2011},
  url       = {http://jmlr.org/proceedings/papers/v15/},
  timestamp = {Thu, 11 Sep 2014 07:28:56 +0200},
  biburl    = {http://dblp.org/rec/bib/conf/aistats/2011},
  bibsource = {dblp computer science bibliography, http://dblp.org}
}



@article{Williams:1992:SSG:139611.139614,
 author = {Williams, Ronald J.},
 title = {Simple Statistical Gradient-Following Algorithms for Connectionist Reinforcement Learning},
 journal = {Mach. Learn.},
 issue_date = {May 1992},
 volume = {8},
 number = {3-4},
 month = may,
 year = {1992},
 issn = {0885-6125},
 pages = {229--256},
 numpages = {28},
 url = {https://doi.org/10.1007/BF00992696},
 doi = {10.1007/BF00992696},
 acmid = {139614},
 publisher = {Kluwer Academic Publishers},
 address = {Hingham, MA, USA},
 keywords = {Reinforcement learning, connectionist networks, gradient descent, mathematical analysis},
} 
@article{PEPG,
 author = {Frank Sehnke, Christian Osendorfer, Thomas R ̈uckstieß, Alex Graves, Jan Peters, J ̈urgen Schmidhuber},
 title = {Parameter-exploring Policy Gradients},
 journal = {Neural Networks},
 issue_date = {May 2010},
 volume = {23},
 month = may,
 year = {2013},
 pages = {551--559},
 url = {http://citeseerx.ist.psu.edu/viewdoc/download;jsessionid=A64D1AE8313A364B814998E9E245B40A?doi=10.1.1.180.7104&rep=rep1&type=pdf},
 doi = {10.1016/j.neunet.2009.12.004},
}

@inproceedings{Auger:2012:TCE:2330784.2330919,
 author = {Auger, Anne and Hansen, Nikolaus},
 title = {Tutorial CMA-ES: Evolution Strategies and Covariance Matrix Adaptation},
 booktitle = {Proceedings of the 14th Annual Conference Companion on Genetic and Evolutionary Computation},
 series = {GECCO '12},
 year = {2012},
 isbn = {978-1-4503-1178-6},
 location = {Philadelphia, Pennsylvania, USA},
 pages = {827--848},
 numpages = {22},
 url = {http://doi.acm.org/10.1145/2330784.2330919},
 doi = {10.1145/2330784.2330919},
 acmid = {2330919},
 publisher = {ACM},
 address = {New York, NY, USA},
 keywords = {cma-es, evolution strategy},
} 

